@ARTICLE {multiagent2016,
	author = "Zhangtao Li and Jing Liu",
	title = "A multi-agent genetic algorithm for community detection in complex networks",
	journal = "Physica A",
	year = "2016",
	volume = "449",
	pages = "336-347",
}

@ARTICLE {linkclus2013,
	author = "Chuan Shi, Yanan Cai, Di Fu, Yuxiao Dong and Bin Wu",
	title = "A link clustering based overlapping community detection algorithm",
	journal = "Data \& Knowledge Engineering",
	year = "2013",
	volume = "87",
	pages = "394-404",
}

@ARTICLE {complex2006,
	author = "Mursel Tasgin and Haluk Bingol",
	title = "Community Detection in Complex Networks using Genetic Algorithm",
	journal = "ECCS",
	year = "2006",
}

@ARTICLE{Pizzuti2009,
	author = "Pizzuti Clara",
	title = "Overlapped Community Detection in Complex Networks",
	journal = "GECCO",
	year = "2009",
 	pages = "859-866",
} 

@ARTICLE{Pizzuti2008,
	author = "Pizzuti Clara",
	title = "GA-Net: A Genetic Algorithm for Community Detection in Social Networks",
	journal = "Parallel Problem Solving from Nature -- PPSN X: 10th International Conference, Dortmund, Germany, September 13-17, 2008. Proceedings",
	year= "2008",
	pages = "1081-1090",
}

@ARTICLE{Dickinson2013,
	author = "Brian Dickinson, Benjamin Valyou, Wei Hu",
	title = "A Genetic Algorithm for Identifying Overlapping Communities in Social Networks Using an Optimized Search Space",
	journal = "Social Networking",
	year = "2013",
	pages = "193-201",
}

@ARTICLE{Ding2016,
	author = "Zhuanlian Ding, Xingyi Zhang, Dengdi Sun and Bin Luo",
	title = "Overlapping Community Detectionbased on Network Decomposition",
	journal = "Scientific Reports",
	year = "2016",
}

@ARTICLE{Fortunato2010,
	author = "Fortunato, S.",
	title = "Community detection in graphs",
	journal = "Physics Reports",
	year = "2010",
    	month = "Febuary",
	volume = "486",
	pages = "75-174",
}