@inproceedings{pdffigures2,
 author = {Clark, Christopher and Divvala, Santosh},
 title = {PDFFigures 2.0: Mining Figures from Research Papers},
 booktitle = {Proceedings of the 16th ACM/IEEE-CS on Joint Conference on Digital Libraries},
 series = {JCDL '16},
 year = {2016},
 isbn = {978-1-4503-4229-2},
 location = {Newark, New Jersey, USA},
 pages = {143--152},
 numpages = {10},
 url = {http://doi.acm.org/10.1145/2910896.2910904},
 doi = {10.1145/2910896.2910904},
 acmid = {2910904},
 publisher = {ACM},
 address = {New York, NY, USA}
} 

@inproceedings{probseman,
  title={Probabilistic models for learning a semantic parser lexicon},
  author={Krishnamurthy, Jayant},
  booktitle={Proceedings of NAACL-HLT},
  pages={606-616},
  year={2016}
}


@inproceedings{construction,
  title={Automatic construction of inference-supporting knowledge bases},
  author={Clark, Peter and Balasubramanian, Niranjan and Bhakthavatsalam, Sumithra and Humphreys, Kevin and Kinkead},
  booktitle={4th Workshop on Automated Knowledge Base Construction (AKBC)},
  year={2014}
}


@article{honorstudent,
     title = {My computer is an honor student - but how intelligent is it? Standardized tests as a measure of AI},
     author = {Peter Clark and Oren Etzioni},
     journal = {AI Magazine},
     year = {2016}
}

@inproceedings{sciencequestions,
  title={Answering Elementary Science Questions by Constructing Coherent Scenes using Background Knowledge.},
  author={Li, Yang and Clark, Peter},
  booktitle={EMNLP},
  pages={2007--2012},
  year={2015}
}

