@article{pdffigures2,
     title = {PDFFigures 2.0: Mining Figures from Research Papers},
     author = {Christopher Clark and Santosh Divvala},
     booktitle = {JCDL},
     year = {2016}
}

@article{probseman,
     title = {Probabilistic Models for Learning a Semantic Parser Lexicon},
     author = {Jayant Krishnamurthy},
     booktitle = {NAACL},
     year = {2016}
}

@article{construction,
     title = {Automatic Construction of Inference-Supporting Knowledge Bases},
     author = {Peter Clark, Niranjan Balasubramanian, Sumithra Bhakthavatsalam, Kevin Humphreys, Jesse Kinkead, Ashish Sabharwal, and Oyvind Tafjord},
     booktitle = {AKBC},
     year = {2014}
}

@article{honorstudent,
     title = {My computer is an honor student - but how intelligent is it? Standardized tests as a measure of AI},
     author = {Peter Clark and Oren Etzioni},
     booktitle = {AI Magazine},
     year = {2016}
}

@article{sciencequestions,
     title = {Answering Elementary Science Questions by Constructing Coherent Scenes using Background Knowledge},
     author = {Yang Li and Peter Clark},
     booktitle = {EMNLP},
     year = {2015}
}
