% Encoding: UTF-8

@Article{Newman2004,
  author    = {Newman, Mark EJ and Girvan, Michelle},
  title     = {Finding and evaluating community structure in networks},
  journal   = {Physical review E},
  year      = {2004},
  volume    = {69},
  number    = {2},
  pages     = {026113},
  publisher = {APS},
}

@Article{Li2016,
  author    = {Li, Zhangtao and Liu, Jing},
  title     = {A multi-agent genetic algorithm for community detection in complex networks},
  journal   = {Physica A: Statistical Mechanics and its Applications},
  year      = {2016},
  volume    = {449},
  pages     = {336--347},
  publisher = {Elsevier},
}

@Article{Shi2013,
  author    = {Shi, Chuan and Cai, Yanan and Fu, Di and Dong, Yuxiao and Wu, Bin},
  title     = {A link clustering based overlapping community detection algorithm},
  journal   = {Data \& Knowledge Engineering},
  year      = {2013},
  volume    = {87},
  pages     = {394--404},
  publisher = {Elsevier},
}

@Article{Tasgin2007,
  author  = {Tasgin, Mursel and Herdagdelen, Amac and Bingol, Haluk},
  title   = {Community detection in complex networks using genetic algorithms},
  journal = {arXiv preprint arXiv:0711.0491},
  year    = {2007},
}

@InProceedings{Pizzuti2009,
  author       = {Pizzuti, Clara},
  title        = {Overlapped community detection in complex networks},
  booktitle    = {Proceedings of the 11th Annual conference on Genetic and evolutionary computation},
  year         = {2009},
  pages        = {859--866},
  organization = {ACM},
}

@InProceedings{Pizzuti2008,
  author       = {Pizzuti, Clara},
  title        = {Ga-net: A genetic algorithm for community detection in social networks},
  booktitle    = {International Conference on Parallel Problem Solving from Nature},
  year         = {2008},
  pages        = {1081--1090},
  organization = {Springer},
}

@Article{Dickinson2013,
  author    = {Dickinson, Brian and Valyou, Benjamin and Hu, Wei},
  title     = {A genetic algorithm for identifying overlapping communities in social networks using an optimized search space},
  journal   = {Social Networking},
  year      = {2013},
  volume    = {2013},
  publisher = {Scientific Research Publishing},
}

@Article{Ding2016,
  author        = {Ding, Zhuanlian and Zhang, Xingyi and Sun, Dengdi and Luo, Bin},
  title         = {Overlapping community detection based on network decomposition},
  journal       = {Scientific reports},
  year          = {2016},
  volume        = {6},
  __markedentry = {[Jorik:]},
  publisher     = {Nature Publishing Group},
}

@Article{Pizzuti2012,
  author        = {Pizzuti, Clara},
  title         = {A multiobjective genetic algorithm to find communities in complex networks},
  journal       = {IEEE Transactions on Evolutionary Computation},
  year          = {2012},
  volume        = {16},
  number        = {3},
  pages         = {418--430},
  __markedentry = {[Jorik:6]},
  publisher     = {IEEE},
}

@Comment{jabref-meta: databaseType:bibtex;}
